<?xml version="1.0" encoding="UTF-8"?><collection xmlns="http://www.loc.gov/MARC21/slim"><record><leader>00569nam--2200181-i-4500</leader><controlfield tag="001">000003506</controlfield><controlfield tag="002">20161230</controlfield><controlfield tag="005">20161230201025</controlfield><controlfield tag="008">060222s1000------------r-----000-0-fre-d</controlfield><datafield ind1=" " ind2=" " tag="040"><subfield code="a">IFIN-HH</subfield></datafield><datafield ind1=" " ind2=" " tag="041"><subfield code="a">fre</subfield></datafield><datafield ind1=" " ind2=" " tag="080"><subfield code="a">620.178.267</subfield></datafield><datafield ind1="1" ind2=" " tag="100"><subfield code="a">Baes , L</subfield></datafield><datafield ind1="1" ind2="0" tag="245"><subfield code="a">Resistance des materiaux et elements de la theorie de l elasticite des corps solides</subfield><subfield code="b">Tome i: principes generaux et cas speciaux importants</subfield><subfield code="c">L. baes</subfield></datafield><datafield ind1=" " ind2=" " tag="260"><subfield code="a">Bruxelles</subfield><subfield code="b">Maurice Lamertin, Editeur</subfield><subfield code="c">1930-1934</subfield></datafield><datafield ind1=" " ind2=" " tag="300"><subfield code="a">XVI + 716 P</subfield></datafield><datafield ind1=" " ind2=" " tag="852"><subfield code="a">1032</subfield><subfield code="c">539.4</subfield></datafield><datafield ind1=" " ind2=" " tag="CAT"><subfield code="a">Sys</subfield><subfield code="c">20130128</subfield><subfield code="h">111655</subfield></datafield></record></collection>